@book{atap, author = {Trefethen, Lloyd N.}, title = {Approximation Theory and Approximation Practice (Other Titles in Applied Mathematics)}, year = {2012}, isbn = {1611972396}, publisher = {Society for Industrial and Applied Mathematics}, address = {USA}}
@unpublished{surv,
    author = {Motamed, Mohammad},
    title = {Approximation Power of Deep Neural Networks: an Explanatory Mathematical Survey},
    year = {2022},
    note = {preprint at \url{https://arxiv.org/pdf/2207.09511.pdf}},
}
